@inproceedings{kohno2004attacking,
  title={Attacking and repairing the WinZip encryption scheme},
  author={Kohno, Tadayoshi},
  booktitle={Proceedings of the 11th ACM conference on Computer and communications security},
  pages={72--81},
  year={2004}
}
@inproceedings{phong2010password,
  title={Password recovery for encrypted ZIP archives using GPUs},
  author={Phong, Pham Hong and Dung, Phan Duc and Tan, Duong Nhat and Duc, Nguyen Huu and Thuy, Nguyen Thanh},
  booktitle={Proceedings of the 2010 Symposium on Information and Communication Technology},
  pages={28--33},
  year={2010}
}
@article{yeo2006security,
  title={On the security of the WinRAR encryption feature},
  author={Yeo, Gary S-W and Phan, Raphael C-W},
  journal={International Journal of Information Security},
  volume={5},
  number={2},
  pages={115--123},
  year={2006},
  publisher={Springer}
}
@inproceedings{stay2001zip,
  title={ZIP attacks with reduced known plaintext},
  author={Stay, Michael},
  booktitle={International Workshop on Fast Software Encryption},
  pages={125--134},
  year={2001},
  organization={Springer}
}
@inproceedings{biham1994known,
  title={A known plaintext attack on the PKZIP stream cipher},
  author={Biham, Eli and Kocher, Paul C},
  booktitle={International Workshop on Fast Software Encryption},
  pages={144--153},
  year={1994},
  organization={Springer}
}
@inproceedings{zeng2018secure,
  title={Secure Compression and Pattern Matching Based on Burrows-Wheeler Transform},
  author={Zeng, Gongxian and He, Meiqi and Zhang, Linru and Zhang, Jun and Chen, Yuechen and Yiu, Siu Ming},
  booktitle={2018 16th Annual Conference on Privacy, Security and Trust (PST)},
  pages={1--10},
  year={2018},
  organization={IEEE}
}
@article{stanek2012attacking,
  title={Attacking scrambled burrows-wheeler transform},
  author={Stanek, Martin},
  journal={Cryptology ePrint Archive},
  year={2012}
}
@inproceedings{burrows1994block,
  title={A block-sorting lossless data compression algorithm},
  author={Burrows, Michael and Wheeler, David},
  booktitle={Digital SRC Research Report},
  year={1994},
  organization={Citeseer}
}